<?xml version="1.0" encoding="UTF-8"?><collection xmlns="http://www.loc.gov/MARC21/slim"><record><leader>00720nam--2200193-i-4500</leader><controlfield tag="001">000048424</controlfield><controlfield tag="002">20161230</controlfield><controlfield tag="005">20161230201047</controlfield><controlfield tag="008">060222s1000------------r-----000-0-eng-d</controlfield><datafield ind1=" " ind2=" " tag="020"><subfield code="a">0125233507</subfield></datafield><datafield ind1=" " ind2=" " tag="040"><subfield code="a">IFIN-HH</subfield></datafield><datafield ind1=" " ind2=" " tag="080"><subfield code="a">539:621.039.8(061.3)</subfield></datafield><datafield ind1="1" ind2=" " tag="100"><subfield code="a">Nygaard, Oddvar F</subfield></datafield><datafield ind1="1" ind2="0" tag="245"><subfield code="a">Radiation research</subfield><subfield code="b">Biomedical, chemical and physical perspectives proceedings of the fifth international congress of radiation research held at seattle, washington, usa july 14-20, 1974</subfield><subfield code="c">Oddvar f. nygaard, howard i. alder, warren k. sinclair (eds.)</subfield></datafield><datafield ind1=" " ind2=" " tag="260"><subfield code="a">New York</subfield><subfield code="b">Academic Press, Inc</subfield><subfield code="c">1975</subfield></datafield><datafield ind1=" " ind2=" " tag="300"><subfield code="a">1381P</subfield></datafield><datafield ind1="1" ind2=" " tag="700"><subfield code="a">Sinclair,Warren K</subfield><subfield code="e">Ed</subfield></datafield><datafield ind1=" " ind2=" " tag="852"><subfield code="a">45339</subfield><subfield code="c">539.12.04</subfield></datafield><datafield ind1=" " ind2=" " tag="CAT"><subfield code="a">Sys</subfield><subfield code="c">20120208</subfield><subfield code="h">163030</subfield></datafield></record></collection>